@book{rappaport1996wireless,
  title                    ={Wireless communications: principles and practice},
  author                   ={Rappaport, Theodore S and others},
  volume                   ={2},
  year                     ={1996},
  publisher                ={prentice hall PTR New Jersey}
}

@book{walke2006,
  title                    ={IEEE 802 Wireless Systems},
  author                   ={Walke,  Bernard H. and Mangold, Stefan and Berleman, Lars },
  volume                   ={},
  year                     ={2006},
  publisher                ={Willey}
}



@book{oppenheimer1999top,
  title                    ={Top-down network design},
  author                   ={Oppenheimer, Priscilla},
  year                     ={2011},
  publisher                ={Cisco Press}
}


@article{rfc1918,
  title                    ={Address allocation for private internets},
  author                   ={Rekhter, Yakov and Karrenberg, D and Groot, G de and Moskowitz, B},
  year                     ={1996}
}


@book{pascual2006,
  title                    = {VoIP para el desarrollo: una gu{\'\i}a para crear una infraestructura de voz en regiones en desarrollo},
  author                   = {Pascual, Alberto Escudero and Berthilson, Louise},
  year                     = {2006},
  url                      = {http://www.it46.se/courses/voip/materials/es/books/es_voip4d_it46_release_web.pdf}
}


@Article{Autosolar.es2013,
  Title                    = {Batería AGM 12V 18Ah (C20) RITAR},
  Author                   = {Autosolar.es},
  Journal                  = {Autosolar},
  Year                     = {2013},
  Url                      = {https://autosolar.es/baterias/baterias-agm/bateria-de-ciclo-profundo/bateria-agm-12v-18ah-monoblock-ritar_precio}
}

@Article{colombia2009,
  Title                    = {Ley 1341 del 2009. Por la cual se definen principios y conceptos sobre la sociedad de la información y la organización de las Tecnologías de la Información y las Comunicaciones 'TIC', se crea la Agencia Nacional de Espectro y se dictan otras disposiciones},
  Author                   = {República de Colombia},
  Journal                  = {Diario Oficial},
  Year                     = {2009},
  Url                      = {http://www.crcom.gov.co/?idcategoria=41717#}
}

@Article{colombia.2190.2003,
  Title                    = {Resolución 2190 de 2003. Por la cual se adoptan medidas en materia del ordenamiento técnico del Espectro Radioeléctrico para utilizar radios portátiles de baja potencia y corto alcance de operación itinerante y se dictan otras disposiciones},
  Author                   = {Ministerio de Comunicaciones},
  Journal                  = {Diario Oficial},
  Year                     = {2003},
  Url                      = {http://www.mintic.gov.co/portal/604/articles-3615_documento.pdf}
}

@Article{colombia.473.2010,
  Title                    = {Resolución 473 de 2010. Por la cual se atribuyen, a título secundario, unas frecuencias y bandas de frecuencias radioeléctricas para su libre utilización, dentro del territorio nacional, mediante dispositivos de radiocomunicaciones de corto alcance y baja potencia y se dictan otras disposiciones},
  Author                   = {MinTiC},
  Journal                  = {Diario Oficial},
  Year                     = {2010},
  Url                      = {http://www.ane.gov.co/cnabf/modulos/pdfs/Resolucion473de2010.pdf}
}

@Article{colombia.290.2010,
  Title                    = {Resolución 290 del 2010. Por el cual se fija el monto de las contraprestaciones establecidas en los artículos 13 y 36 de la Ley 1341 de 2009 y se dictan otras disposiciones},
  Author                   = {MinTic},
  Journal                  = {Diario Oficial},
  Year                     = {2010},
  Url                      = {http://www.mintic.gov.co/portal/604/articles-3783_documento.pdf}
}

@Article{colombia.4392.2010,
  Title                    = {Resolución 4392 del 2010. Por el cual se reglamenta la selección objetiva y la asignación directa por continuidad del servicio de que tratan los artículos 11 y 72 de la Ley 1341 de 2009},
  Author                   = {MinTic},
  Journal                  = {Diario Oficial},
  Year                     = {2010},
  Url                      = {http://www.mintic.gov.co/portal/604/articles-3615_documento.pdf}
}


@Article{colombia.2544.2009,
  Title                    = {Resolución 2544 de 2009. Por la cual se atribuyen unas bandas de frecuencias para su libre utilización dentro del territorio nacional, mediante sistemas de acceso inalámbrico y redes inalámbricas de área local, que utilicen tecnologías de espectro ensanchado y modulación digital, de banda ancha y baja potencia, y se dictan otras
      disposiciones},
  Author                   = {MinTic},
  Journal                  = {Diario Oficial},
  Year                     = {2010},
  Url                      = {http://www.mintic.gov.co/portal/604/articles-3770_documento.pdf}
}



@Article{colombia.421.2011,
  Title                    = {Resolución 421 del 2011. Por la cual se crea el Comité Nacional del
      Espectro},
  Author                   = {MinTic},
  Journal                  = {Diario Oficial},
  Year                     = {2011},
  Url                      = {http://www.mintic.gov.co/portal/604/articles-3798_documento.pdf}
}

@InProceedings{Dutta2007,
  Title                    = {Villagenet: A low-cost, 802.11-based mesh network for rural regions},
  Author                   = {Dutta, Partha and Jaiswal, Sharad and Panigrahi, Debmalya and Naidu, KVM and Rastogi, Rajeev and Todimala, Ajay},
  Booktitle                = {Communication Systems Software and Middleware, 2007. COMSWARE 2007. 2nd International Conference on},
  Year                     = {2007},
  Organization             = {IEEE},
  Pages                    = {1--8}
}

@Article{Landivar2011,
  Title                    = {Comunicaciones unificadas con Elastix},
  Author                   = {Landívar, Edgar},
  Journal                  = {páginas (15, 16)},
  Year                     = {2011}
}

@Article{res689,
  Title                    = {Resolución Número 000689. Por la cual se atribuyen unas bandas de frecuencias para su libre utilización dentro del territorio nacional.},
  Author                   = {Comunicaciones Ministerio},
  Journal                  = {Archivo MinTIC},
  Year                     = {2004},
  Url                      = {http://archivo.mintic.gov.co/mincom/documents/portal/documents/root/R00689d2004.pdf}
}

@Article{res797,
  Title                    = {RESOLUCIÓN NÚMERO 000797. Por la cual se atribuyen unas bandas de frecuencias radioeléctricas para su libre utilización dentro del territorio nacional},
  Author                   = {DE COMUNICACIONES MINISTERIO},
  Journal                  = {Archivo MinTIC},
  Year                     = {2001},

  Url                      = {http://archivo.mintic.gov.co/mincom/documents/portal/documents/root/Normatividad/Legislacion/R00797d2001.pdf}
}

@Article{Ningbo2014,
  Title                    = {40w China solar moudle,poli panel solar cristalino, pv módulo solar},
  Author                   = {Ningbo Zhenhai Geebo Electronics Technology Co., Ltd.},
  Journal                  = {Alibaba.com},
  Year                     = {2014},
  Url                      = {http://spanish.alibaba.com/supplier_china-capacitores_200067067/contactinfo.html?mseq=200087331}
}

@InProceedings{Panigrahi2008,
  Title                    = {Minimum cost topology construction for rural wireless mesh networks},
  Author                   = {Panigrahi, Debmalya and Duttat, P and Jaiswal, Sharad and Naidu, KVM and Rastogi, Rajeev},
  Booktitle                = {INFOCOM 2008. The 27th Conference on Computer Communications. IEEE},
  Year                     = {2008},
  Organization             = {IEEE}
}

@Article{Preidikman2006,
  Title                    = {Análisis dinámico de mástiles arriostrados},
  Author                   = {Preidikman, Sergio and Massa, Julio C and Roccia, Bruno A},
  Journal                  = {Revista Internacional de Desastres Naturales, Accidentes e Infraestructura Civil},
  Year                     = {2006},
  Number                   = {1},
  Volume                   = {6}
}

@Book{Rendon2011,
  Title                    = {Tecnologías de la Información y las Comunicaciones para zonas rurales. Aplicación a la atención de salud en países en desarrollo},
  Author                   = {Rendón, Alvaro and Ludeña, P. J. and Martínez, A},
  Year                     = {2011},
  Address                  = {Madrid, España},
}

@Article{Romero2006,
  Title                    = {Las tecnologías de la información y de la comunicación en la educación en cuatro países de latinoamericanos},
  Author                   = {Ramírez Romero, José Luis},
  Journal                  = {Revista Mexicana de Investigación Educativa},
  Year                     = {2006},
  Number                   = {28},
  Volume                   = {11}
}

@Article{TIA/EIA-2221996,
  Title                    = {Normas estructurales para torres y estructuras de acero para antenas.},
  Author                   = {ANSI TIA/EIA-222},
  Journal                  = {Elsevier Science Ireland Ltd.},
  Year                     = {1996}
}

@Article{UbiquitiNetworks2013,
  Title                    = {POE-24, Designed by Ubiquiti for BaseStation Equipment},
  Author                   = {Ubiquiti Networks, Inc.},
  Journal                  = {dl.ubnt.com},
  Year                     = {2013},
  Url                      = {http://dl.ubnt.com/poe24_ds.pdf}
}

@Article{UbiquitiNetworks2013a,
  Title                    = {Ubiquiti Nanostation M5},
  Author                   = {Ubiquiti Networks, Inc.},
  Journal                  = {dl.ubnt.com},
  Year                     = {2013},
  Url                      = {http://dl.ubnt.com/datasheets/nanostationm/nsm_ds_web.pdf}
}

@Article{wlodarz2012,
  Title                    = {How to Estimate Bandwidth Needs for Your Customers},
  Author                   = {Wlodarz, Derrick},
  Journal                  = {www.technibble.com},
  Year                     = {2012},
  Url                      = {http://www.technibble.com/estimate-bandwidth-needs-customers/}
}

@techreport{uribe2002,
  Title                    = {Caracterización sociodemográfica del área de desarrollo rural del Sumapaz},
  Author                   = {Uribe Calat, Ávaro Francisco and Ramírez Rojas, Jairo},
  Year                     = {2012},
}

@techreport{mintic2014,
  Title                    = {Informe trimestral de las tics primer trimestre 2014},
  Author                   = {MinTic},
  Year                     = {2014},
  Url                      = {http://colombiatic.mintic.gov.co/602/w3-article-6276.html}
}

@techreport{tsac,
  Title                    = {Torres ventadas},
  Author                   = {T.S.A.C.},
  Year                     = {2014},
  Url                      = {http://towertel.com.pe/torres-ventadas.php}
}

@techreport{voip2014,
  Title                    = {Realización del estudio de factibilidad,
      socialización y capacitación, para
    implementación de infraestructuras de voz IP y comunicaciones
    convergentes en la región del Sumapaz
  },
  Author                   = {Rodriguez, L. and  Casas, C. and Leyva, J },
  Year                     = {2014},
  institution              = {Universidad de Cundinamarca}
}



@book{dasgupta2006algorithms,
  title={Algorithms},
  author={Dasgupta, Sanjoy and Papadimitriou, Christos H and Vazirani, Umesh},
  year={2006},
  publisher={McGraw-Hill, Inc.}
}


@article{marzal2003introduccion,
  title={Introducci{\'o}n a la programaci{\'o}n con Python},
  author={Marzal, Andr{\'e}s and Gracia, Isabel},
  journal={Universitat Jaume I},
  year={2003}
}

@Article{harju2011lecture,
     Title                    = {Lecture notes on graph theory},
     Author                   = {Tero Harju},
     Journal                  = {Department of Mathematics University of Turku-Turku, Finland},
     Year                     = {2011}
}

